<record xmlns="http://www.loc.gov/MARC21/slim" xmlns:xsi="http://www.w3.org/2001/XMLSchema-instance" xsi:schemaLocation="http://www.loc.gov/MARC21/slim http://www.loc.gov/standards/marcxml/schema/MARC21slim.xsd"><leader>     nam a22        4500</leader><controlfield tag="001">3071127</controlfield><controlfield tag="003">NNC</controlfield><controlfield tag="006">m        d        </controlfield><controlfield tag="007">cr cn |||m|||a</controlfield><controlfield tag="008">150316s1963    sy      o     000 0 arao </controlfield><datafield ind1=" " ind2=" " tag="040"><subfield code="a">NNU</subfield><subfield code="b">eng</subfield><subfield code="e">rda</subfield><subfield code="c">NNU</subfield></datafield><datafield ind1=" " ind2="4" tag="050"><subfield code="a">B753</subfield><subfield code="b">.G33 M115 1963</subfield></datafield><datafield ind1="0" ind2=" " tag="100"><subfield code="6">880-01</subfield><subfield code="a">Ghazza&#772;li&#772;,</subfield><subfield code="d">1058-1111.</subfield></datafield><datafield ind1="1" ind2="3" tag="245"><subfield code="6">880-02</subfield><subfield code="a">al-Ma&#699;a&#772;rif al-&#699;aqli&#772;yah /</subfield><subfield code="c">li-Abi&#772; H&#803;a&#772;mid al-Ghazza&#772;li&#772; ; h&#803;aqqaqahu&#772; wa-qaddama lahu &#699;Abd al-Kari&#772;m al-&#699;Uthma&#772;n.</subfield></datafield><datafield ind1=" " ind2=" " tag="250"><subfield code="6">880-03</subfield><subfield code="a">[Al-T&#803;ab&#699;ah 1].</subfield></datafield><datafield ind1=" " ind2=" " tag="260"><subfield code="6">880-04</subfield><subfield code="a">Dimashq :</subfield><subfield code="b">Da&#772;r al-Fikr,</subfield><subfield code="c">[1963]</subfield></datafield><datafield ind1=" " ind2=" " tag="300"><subfield code="a">online resource (112 pages)</subfield></datafield><datafield ind1=" " ind2=" " tag="336"><subfield code="a">text</subfield><subfield code="2">rdacontent</subfield></datafield><datafield ind1=" " ind2=" " tag="337"><subfield code="a">computer</subfield><subfield code="2">rdamedia</subfield></datafield><datafield ind1=" " ind2=" " tag="338"><subfield code="a">online resource</subfield><subfield code="2">rdacarrier</subfield></datafield><datafield ind1=" " ind2=" " tag="500"><subfield code="a">Part of the Arabic Collections Online (ACO) project, contributed by Columbia University Libraries.</subfield></datafield><datafield ind1=" " ind2=" " tag="533"><subfield code="a">Electronic reproduction.</subfield><subfield code="b">New York, N.Y. :</subfield><subfield code="c">New York University,</subfield><subfield code="d">2015.</subfield><subfield code="5">NNU</subfield></datafield><datafield ind1=" " ind2="0" tag="650"><subfield code="a">Knowledge, Theory of.</subfield></datafield><datafield ind1=" " ind2="7" tag="650"><subfield code="a">Knowledge, Theory of.</subfield><subfield code="2">fast</subfield><subfield code="0">(OCoLC)fst00988194</subfield></datafield><datafield ind1="2" ind2=" " tag="710"><subfield code="a">Columbia University.</subfield><subfield code="b">Libraries.</subfield></datafield><datafield ind1="0" ind2=" " tag="730"><subfield code="a">Arabic Collections Online.</subfield></datafield><datafield ind1="0" ind2="8" tag="776"><subfield code="i">Online version:</subfield><subfield code="a">Ghazza&#772;li&#772;, 1058-1111.</subfield><subfield code="t">Ma&#699;a&#772;rif al-&#699;aqli&#772;yah.</subfield><subfield code="b">[Al-T&#803;ab&#699;ah 1].</subfield><subfield code="d">Dimashq : Da&#772;r al-Fikr, [1963]</subfield><subfield code="w">(OCoLC)551285238</subfield></datafield><datafield ind1="0" ind2="8" tag="776"><subfield code="i">Online version:</subfield><subfield code="a">Ghazza&#772;li&#772;, 1058-1111.</subfield><subfield code="t">Ma&#699;a&#772;rif al-&#699;aqli&#772;yah.</subfield><subfield code="b">[Al-T&#803;ab&#699;ah 1].</subfield><subfield code="d">Dimashq : Da&#772;r al-Fikr, [1963]</subfield><subfield code="w">(OCoLC)609340080</subfield></datafield><datafield ind1="0" ind2="8" tag="776"><subfield code="i">Print version:</subfield><subfield code="a">Ghazza&#772;li&#772;, 1058-1111.</subfield><subfield code="t">al-Ma&#699;a&#772;rif al-&#699;aqli&#772;yah</subfield><subfield code="w">(NNC)3071127</subfield><subfield code="w">(DLC)ne 64002765 </subfield><subfield code="w">(OCoLC)23510079</subfield></datafield><datafield ind1="4" ind2="0" tag="856"><subfield code="u">http://hdl.handle.net/2333.1/2547db4w</subfield></datafield><datafield ind1="0" ind2=" " tag="880"><subfield code="6">100-01/r</subfield><subfield code="a">&#1594;&#1586;&#1575;&#1604;&#1610;.</subfield></datafield><datafield ind1="1" ind2="2" tag="880"><subfield code="6">245-02/r</subfield><subfield code="a">&#1575;&#1604;&#1605;&#1593;&#1575;&#1585;&#1601; &#1575;&#1604;&#1593;&#1602;&#1604;&#1610;&#1577; /</subfield><subfield code="c">&#1604;&#1571;&#1576;&#1610; &#1581;&#1575;&#1605;&#1583; &#1575;&#1604;&#1594;&#1586;&#1575;&#1604;&#1610; &#1563; &#1581;&#1602;&#1602;&#1607; &#1608;&#1602;&#1583;&#1605; &#1604;&#1607; &#1593;&#1576;&#1583; &#1575;&#1604;&#1603;&#1585;&#1610;&#1605; &#1593;&#1579;&#1605;&#1575;&#1606;.</subfield></datafield><datafield ind1=" " ind2=" " tag="880"><subfield code="6">250-03/r</subfield><subfield code="a">&#1575;&#1604;&#1591;&#1576;&#1593;&#1577; 1.</subfield></datafield><datafield ind1=" " ind2=" " tag="880"><subfield code="6">260-04/r</subfield><subfield code="a">&#1583;&#1605;&#1588;&#1602; :</subfield><subfield code="b">&#1583;&#1575;&#1585; &#1575;&#1604;&#1601;&#1603;&#1585;&#1548;</subfield><subfield code="c">1963.</subfield></datafield><datafield ind1="1" ind2=" " tag="880"><subfield code="6">700-00/r</subfield><subfield code="a">&#1593;&#1579;&#1605;&#1575;&#1606;&#1548; &#1593;&#1576;&#1583; &#1575;&#1604;&#1603;&#1585;&#1610;&#1605;.</subfield></datafield><datafield ind1=" " ind2=" " tag="959"><subfield code="a">NNU</subfield><subfield code="b">WEB</subfield><subfield code="c">GENI</subfield><subfield code="t">0</subfield><subfield code="m">Electronic access</subfield><subfield code="s">01</subfield></datafield><datafield ind1=" " ind2=" " tag="999"><subfield code="i">NNC_3071127</subfield><subfield code="o">(OCoLC)ocm23510079 </subfield><subfield code="s">columbia_aco000392</subfield><subfield code="e">(ERROR-880)</subfield></datafield></record>